@book{rabiner,
  title={Digital Speech Processing},
  author={Rabiner, Laurence R. and Schafer, Ronald, W. },
  year={1975},
  publisher={Prentice- Hall,}
}

@article{reconocimiento,
  title={Robust distant-talking speech recognition},
  author={Pearson, J., and others},
  journal={IEEE International Conference on. Vol. 1},
  note    = {Acoustics, Speech, and Signal Processing},
  year={1996},
}


@article{verificacion,
  title={Speaker recognition in reverberant enclosures},
  author={Castellano, Pierre J. and S. Sradharan and David Cole},
  journal={IEEE International Conference on. Vol. 1},
  note    = {Acoustics, Speech, and Signal Processing},
  year={1996},
}

@article{localizacion,
  title={Robust localization in reverberant rooms},
  author={DiBiase, Joseph H. and Harvey F. Silverman and Michael S. Brandstein},
  journal={Springer Berlin Heidelberg},
  note    = {Microphone Arrays.},
  year={2001}
}

@article{LPresiduo,
  title={Enhancement of Reverberant Speech Using LP Residual Signal},
  author={Yegnanarayana, B. and Satyanarayana, P.},
  journal={IEEE Transactions on Speech and Audio Processing},
  year={2000}
}

@article{multichannel,
  title={Subspace Methods for Multimicrophone Speech Dereverberation},
  author={Gannot, S. and Moonen, M.},
  journal={EURASIP journal on advances in signal processing},
  year={2003}
}

@article{filtros_inv,
  title={Inverse Filtering of Room Acoustics},
  author={Masato Miyoshi and Yutaka Kaneda},
  journal={IEEE Transactions on Acoustics, Speech and Signal Processing},
  year={1988}
}

@article{LTI,
  title={Invertibility of a  room impulse response},
  author={Stephen T. Neely and Jont B. Allen},
  journal={Acoustics Research Department, Bell Laboratories, Murray Hill, New Jerse},
  year={1997}
}

@article{spect_subtrac,
  title={A New Method Based on Spectral Subtraction for SpeechDereverberation},
  author={K. Lebart, J. M. Boucher},
  journal={Acta Acustica united with Acustica},
  year={2001}
}

@article{two_stage,
  title={A two-stage algorithm for one-microphone reverberant speech enhancement},
  author={M. Wu and D. L. Wang},
  journal={IEEE Transactions on Acoustics, Speech and Signal Processing},
  year={2006}
}

@article{armonica,
  title={Pitch-based monaural segregation of reverberant speech},
  author={N. Roman and D. L. Wang},
  journal={Journal of Acoustical Society of America},
  year={2006}
}

@article{spect_subtrac2,
  title={A new method based on spectral subtraction for speech dereverberation},
  author={K. Lebart and J.-M. Boucher and P. Denbigh},
  journal={Acta Acustica united with Acustica},
  year={2001}
}


@article{mod,
  title={Study on the dereverberation of speech based on temporal envelope ﬁltering},
  author={M. Avendano and H. Hermansky},
  journal={Proc. of ICSLP},
  year={1996}
}

@article{CASA,
  title={Computational Auditory Scene Analysis: Principles, Algorithms, and  Applications},
  author={D. L. Wang and G. J. Brown, Eds.,},
  journal={Proc. of ICSLP},
  year={1996}
}

@article{ASA,
  title={Auditory Scene Analysis},
  author={A. S. Bregman},
  journal={Cambridge, MA: MIT Press},
  year={1990}
}



@book{binarymask,
  title={On ideal binary mask as the computational goal of auditory scene analysis},
  booktitle = {in Speech Separation by Humans and Machines},
  author = {D. Wang},
  year={2005},
  pages = {181--197},
  publisher = {Kluwer}
}

@article{rev_mask,
  title={Intelligibility of reverberant noisy speech with ideal binarymasking},
  author={Nicoleta Roman, John Woodruff},
  journal={Journal of Acoustical Society of America},
  year={2011}
}

@article{parametros,
  title={Speech intelligibility in reverberation with ideal binary masking: Effects of early reﬂections and signal-to-noise ratio threshold},
  author={Nicoleta Roman, John Woodruff},
  journal={Journal of Acoustical Society of America},
  year={2013}
}

@article{hazrati,
  title={Blind binary masking for reverberation suppression in cochlear implants},
  author={O. Hazrati, and  J. Lee, and P. C. Loizou},
  journal={Journal of Acoustical Society of America},
  year={2013}
}

@article{MLP,
  title={A supervised learning approach to monaural segregation of reverberant speech},
  author={Z. Jin and D. L. Wang},
  journal={IEEE Transactions on Acoustics, Speech and Signal Processing},
  year={2009}
}

@article{ezeKun,
  title={Learning spectral mapping for speech dereverberation},
  author={Kun Han, Yuxuan Wang, DeLiang Wang},
  journal={IEEE International Conference on Acoustic, Speech and Signal Processing},
  year={2014}
}

@article{RNN,
  title={Deep recurrent de-noising auto-encoder and blind de-reverberation for reverberated speech recognition},
  author={F. Weninger, and S. Watanabe, and Y. Tachioka, and B. Schuller},
  journal={IEEE International Conference on Acoustics, Speech and Signal Processing},
  year={2014}
}


@article{CNN,
  title={A Deep Convolutional Encoder-Decoder Model for Robust Speech Dereverberation},
  author={D. S. Wang , Y. X. Zou , W. Shi},
  journal={22nd International Conference on Digital Signal Processing},
  year={2017}
}

@article{FCN,
  title={Speech Dereverberation Using Fully Convolutional Networks},
  author={Ori Ernst and Shlomo E. Chazan and Sharon Gannot and Jacob Goldberger},
  journal={22nd International Conference on Digital Signal Processing},
  year={2017}
}

@article{Fusion,
  title={Deep Learning-Based Amplitude Fusion for Speech Dereverberation},
  author={Chunlei Liu and Longbiao Wang and Jianwu Dang},
  journal={Discrete Dynamics in Nature and Society},
  year={2020}
}





